<?xml version="1.0" encoding="UTF-8"?><record xmlns="http://www.loc.gov/MARC21/slim" xmlns:cinclude="http://apache.org/cocoon/include/1.0" xmlns:zs="http://www.loc.gov/zing/srw/">
  <leader>00969nz  a2200169n  4500</leader>
  <controlfield tag="001">no2013049187</controlfield>
  <controlfield tag="003">DLC</controlfield>
  <controlfield tag="005">20130508075558.0</controlfield>
  <controlfield tag="008">130506n| azannaabn          |n aaa     c</controlfield>
  <datafield tag="010" ind1=" " ind2=" ">
    <subfield code="a">no2013049187</subfield>
  </datafield>
  <datafield tag="035" ind1=" " ind2=" ">
    <subfield code="a">(OCoLC)oca09466746</subfield>
  </datafield>
  <datafield tag="040" ind1=" " ind2=" ">
    <subfield code="a">DGU-L</subfield>
    <subfield code="b">eng</subfield>
    <subfield code="e">rda</subfield>
    <subfield code="c">DGU-L</subfield>
  </datafield>
  <datafield tag="100" ind1="1" ind2=" ">
    <subfield code="a">Villaverde, José María Lorenzo</subfield>
  </datafield>
  <datafield tag="372" ind1=" " ind2=" ">
    <subfield code="a">Domestic relations</subfield>
    <subfield code="a">Sex and law</subfield>
    <subfield code="a">Conflict of laws</subfield>
    <subfield code="a">Journalism</subfield>
    <subfield code="2">lcsh</subfield>
  </datafield>
  <datafield tag="373" ind1=" " ind2=" ">
    <subfield code="a">Københavns universitet. Juridiske fakultet</subfield>
    <subfield code="a">Universidad de Santiago de Compostela</subfield>
    <subfield code="2">naf</subfield>
  </datafield>
  <datafield tag="375" ind1=" " ind2=" ">
    <subfield code="a">male</subfield>
  </datafield>
  <datafield tag="670" ind1=" " ind2=" ">
    <subfield code="a">Contemporary gender relations and changes in legal cultures, 2013:</subfield>
    <subfield code="b">t.p. (José María Lorenzo Villaverde)  p. 256 (José María Lorenzo Villaverde is PhD student at the Faculty of Law of the University of Copenhagen. He completed his studies in law and in journalism in the University of Santiago de Compostela (Spain). HIs main areas of interest are family law, sexual orientation law and private international law in family matters )</subfield>
  </datafield>
</record>